<record><leader>00000cas a2200000 i 4500</leader><controlfield tag="001">15722502</controlfield><controlfield tag="008">870521d18661901inudn ne      0    0eng c</controlfield><datafield ind1=" " ind2=" " tag="010"><subfield code="a">sn 87056064 </subfield></datafield><datafield ind1=" " ind2=" " tag="040"><subfield code="a">NPI</subfield><subfield code="b">eng</subfield><subfield code="e">rda</subfield><subfield code="c">NPI</subfield><subfield code="d">OCLCQ</subfield><subfield code="d">IUL</subfield><subfield code="d">OCLCF</subfield></datafield><datafield ind1=" " ind2=" " tag="042"><subfield code="a">pcc</subfield></datafield><datafield ind1=" " ind2=" " tag="043"><subfield code="a">n-us-in</subfield></datafield><datafield ind1="0" ind2="4" tag="245"><subfield code="a">The Goshen daily times.</subfield></datafield><datafield ind1=" " ind2="1" tag="264"><subfield code="a">Goshen, Ind. :</subfield><subfield code="b">Times Pub. Co.</subfield></datafield><datafield ind1=" " ind2=" " tag="300"><subfield code="a">volumes</subfield></datafield><datafield ind1=" " ind2=" " tag="310"><subfield code="a">Daily (except Sunday)</subfield></datafield><datafield ind1=" " ind2=" " tag="336"><subfield code="a">text</subfield><subfield code="b">txt</subfield><subfield code="2">rdacontent</subfield></datafield><datafield ind1=" " ind2=" " tag="337"><subfield code="a">unmediated</subfield><subfield code="b">n</subfield><subfield code="2">rdamedia</subfield></datafield><datafield ind1=" " ind2=" " tag="338"><subfield code="a">volume</subfield><subfield code="b">nc</subfield><subfield code="2">rdacarrier</subfield></datafield><datafield ind1="1" ind2=" " tag="362"><subfield code="a">Began with Aug. 17, 1886 issue; ceased in July 1901.</subfield></datafield><datafield ind1=" " ind2=" " tag="580"><subfield code="a">Also published in a weekly ed. called: The Goshen times.</subfield></datafield><datafield ind1=" " ind2=" " tag="580"><subfield code="a">Also published in a semiweekly ed. called: Goshen mid-week times.</subfield></datafield><datafield ind1=" " ind2=" " tag="588"><subfield code="a">Description based on: Vol. 5, no. 247 (May 30, 1891); title from masthead, U.S. Newspaper Archive (viewed May 15, 2017).</subfield></datafield><datafield ind1=" " ind2=" " tag="588"><subfield code="a">Latest issue consulted: Vol. 11, no. 57 (October 21, 1896); U.S. Newspaper Archive (viewed May 15, 2017).</subfield></datafield><datafield ind1=" " ind2="0" tag="651"><subfield code="a">Goshen (Elkhart County, Ind.)</subfield><subfield code="v">Newspapers.</subfield></datafield><datafield ind1=" " ind2="0" tag="651"><subfield code="a">Elkhart County (Ind.)</subfield><subfield code="v">Newspapers.</subfield></datafield><datafield ind1=" " ind2="7" tag="655"><subfield code="a">Newspapers.</subfield><subfield code="2">fast</subfield><subfield code="0">(OCoLC)fst01423814</subfield></datafield><datafield ind1=" " ind2="7" tag="651"><subfield code="a">Indiana</subfield><subfield code="z">Elkhart County.</subfield><subfield code="2">fast</subfield><subfield code="0">(OCoLC)fst01205779</subfield></datafield><datafield ind1=" " ind2="7" tag="651"><subfield code="a">Indiana</subfield><subfield code="z">Goshen (Elkhart County)</subfield><subfield code="2">fast</subfield><subfield code="0">(OCoLC)fst01692321</subfield></datafield><datafield ind1=" " ind2=" " tag="752"><subfield code="a">United States</subfield><subfield code="b">Indiana</subfield><subfield code="c">Elkhart</subfield><subfield code="d">Goshen.</subfield></datafield><datafield ind1="1" ind2=" " tag="775"><subfield code="t">Goshen times</subfield><subfield code="w">(DLC)sn 84027381</subfield><subfield code="w">(OCoLC)11061071</subfield></datafield><datafield ind1="1" ind2=" " tag="775"><subfield code="t">Goshen mid-week times</subfield><subfield code="w">(DLC)sn 87056065</subfield><subfield code="w">(OCoLC)15720567</subfield></datafield><datafield ind1="0" ind2="7" tag="785"><subfield code="t">Goshen daily news</subfield><subfield code="w">(DLC)sn 86063072</subfield><subfield code="w">(OCoLC)13105514</subfield></datafield><datafield ind1="0" ind2="7" tag="785"><subfield code="t">Goshen daily news-times</subfield><subfield code="w">(DLC)sn 87056069</subfield><subfield code="w">(OCoLC)15727155</subfield></datafield><datafield ind1="4" ind2="1" tag="856"><subfield code="u">https://access.newspaperarchive.com/us/indiana/goshen/goshen-daily-times/</subfield></datafield></record>